%YAML 1.1
%TAG !u! tag:unity3d.com,2011:
--- !u!1 &5758573458447985933
GameObject:
  m_ObjectHideFlags: 0
  m_CorrespondingSourceObject: {fileID: 0}
  m_PrefabInstance: {fileID: 0}
  m_PrefabAsset: {fileID: 0}
  serializedVersion: 6
  m_Component:
  - component: {fileID: 5758573458447985926}
  - component: {fileID: 5758573458447985921}
  - component: {fileID: 5758573458447985920}
  - component: {fileID: 5758573458447985923}
  - component: {fileID: 5758573458447985922}
  - component: {fileID: 5758573458447985927}
  - component: {fileID: 5758573458447985925}
  - component: {fileID: 5758573458447985924}
  - component: {fileID: 5758573458447985946}
  m_Layer: 0
  m_Name: MonoCamera
  m_TagString: MainCamera
  m_Icon: {fileID: 0}
  m_NavMeshLayer: 0
  m_StaticEditorFlags: 0
  m_IsActive: 1
--- !u!4 &5758573458447985926
Transform:
  m_ObjectHideFlags: 0
  m_CorrespondingSourceObject: {fileID: 0}
  m_PrefabInstance: {fileID: 0}
  m_PrefabAsset: {fileID: 0}
  m_GameObject: {fileID: 5758573458447985933}
  m_LocalRotation: {x: 0.63342935, y: -0, z: -0, w: 0.7738005}
  m_LocalPosition: {x: 0, y: 1, z: 0}
  m_LocalScale: {x: 1, y: 1, z: 1}
  m_Children: []
  m_Father: {fileID: 0}
  m_RootOrder: 0
  m_LocalEulerAnglesHint: {x: 78.607, y: 0, z: 0}
--- !u!20 &5758573458447985921
Camera:
  m_ObjectHideFlags: 0
  m_CorrespondingSourceObject: {fileID: 0}
  m_PrefabInstance: {fileID: 0}
  m_PrefabAsset: {fileID: 0}
  m_GameObject: {fileID: 5758573458447985933}
  m_Enabled: 1
  serializedVersion: 2
  m_ClearFlags: 1
  m_BackGroundColor: {r: 0.19215687, g: 0.3019608, b: 0.4745098, a: 0.019607844}
  m_projectionMatrixMode: 1
  m_GateFitMode: 2
  m_FOVAxisMode: 0
  m_SensorSize: {x: 36, y: 24}
  m_LensShift: {x: 0, y: 0}
  m_FocalLength: 50
  m_NormalizedViewPortRect:
    serializedVersion: 2
    x: 0
    y: 0
    width: 1
    height: 1
  near clip plane: 0.01
  far clip plane: 100
  field of view: 30
  orthographic: 0
  orthographic size: 0.5
  m_Depth: -1
  m_CullingMask:
    serializedVersion: 2
    m_Bits: 4294967295
  m_RenderingPath: -1
  m_TargetTexture: {fileID: 0}
  m_TargetDisplay: 0
  m_TargetEye: 3
  m_HDR: 0
  m_AllowMSAA: 0
  m_AllowDynamicResolution: 0
  m_ForceIntoRT: 0
  m_OcclusionCulling: 1
  m_StereoConvergence: 10
  m_StereoSeparation: 0.022
--- !u!92 &5758573458447985920
Behaviour:
  m_ObjectHideFlags: 0
  m_CorrespondingSourceObject: {fileID: 0}
  m_PrefabInstance: {fileID: 0}
  m_PrefabAsset: {fileID: 0}
  m_GameObject: {fileID: 5758573458447985933}
  m_Enabled: 1
--- !u!124 &5758573458447985923
Behaviour:
  m_ObjectHideFlags: 0
  m_CorrespondingSourceObject: {fileID: 0}
  m_PrefabInstance: {fileID: 0}
  m_PrefabAsset: {fileID: 0}
  m_GameObject: {fileID: 5758573458447985933}
  m_Enabled: 1
--- !u!81 &5758573458447985922
AudioListener:
  m_ObjectHideFlags: 0
  m_CorrespondingSourceObject: {fileID: 0}
  m_PrefabInstance: {fileID: 0}
  m_PrefabAsset: {fileID: 0}
  m_GameObject: {fileID: 5758573458447985933}
  m_Enabled: 1
--- !u!114 &5758573458447985927
MonoBehaviour:
  m_ObjectHideFlags: 0
  m_CorrespondingSourceObject: {fileID: 0}
  m_PrefabInstance: {fileID: 0}
  m_PrefabAsset: {fileID: 0}
  m_GameObject: {fileID: 5758573458447985933}
  m_Enabled: 1
  m_EditorHideFlags: 0
  m_Script: {fileID: 11500000, guid: a82875185518a6d4c9c1c6ffc27290e7, type: 3}
  m_Name: 
  m_EditorClassIdentifier: 
  lineMaterial: {fileID: 2100000, guid: b11531be1c854be42bc2107321bb3bca, type: 2}
  target: {fileID: 0}
  distance: 5
  xSpeed: 120
  ySpeed: 120
  distanceMin: 0.5
  distanceMax: 15
--- !u!114 &5758573458447985925
MonoBehaviour:
  m_ObjectHideFlags: 0
  m_CorrespondingSourceObject: {fileID: 0}
  m_PrefabInstance: {fileID: 0}
  m_PrefabAsset: {fileID: 0}
  m_GameObject: {fileID: 5758573458447985933}
  m_Enabled: 1
  m_EditorHideFlags: 0
  m_Script: {fileID: 11500000, guid: a78da3f00f3328541b4526c0b0b5ec5c, type: 3}
  m_Name: 
  m_EditorClassIdentifier: 
  outlineMaterial: {fileID: 2100000, guid: ad699d9051044604f8efdff23bc1828d, type: 2}
  bufferMaterial: {fileID: 2100000, guid: d935b37e467bdc242b9fd534a282298d, type: 2}
--- !u!114 &5758573458447985924
MonoBehaviour:
  m_ObjectHideFlags: 0
  m_CorrespondingSourceObject: {fileID: 0}
  m_PrefabInstance: {fileID: 0}
  m_PrefabAsset: {fileID: 0}
  m_GameObject: {fileID: 5758573458447985933}
  m_Enabled: 1
  m_EditorHideFlags: 0
  m_Script: {fileID: 11500000, guid: b200ceda39a40af43bbb16a879f0791f, type: 3}
  m_Name: 
  m_EditorClassIdentifier: 
  _noiseFilterTolerance: 0
  _blurTolerance: -4.6
  _upsampleTolerance: -12
  _thicknessModifier: 1
  _intensity: 1
  _debug: 0
  _ambientOnly: 1
  _downsample1Compute: {fileID: 7200000, guid: 659dc93a3764e164e8dafb2061ff317b, type: 3}
  _downsample2Compute: {fileID: 7200000, guid: dc4dd2f3a1157884e95a081b25b5731d, type: 3}
  _renderCompute: {fileID: 7200000, guid: e49d5d8e57b0515469bb1ef4bf07b8dd, type: 3}
  _upsampleCompute: {fileID: 7200000, guid: 2c3e5f47f9b262047ae010f239705186, type: 3}
  _blitShader: {fileID: 4800000, guid: 532f9473ecfa16148a1ecdb3b72a44e8, type: 3}
--- !u!114 &5758573458447985946
MonoBehaviour:
  m_ObjectHideFlags: 0
  m_CorrespondingSourceObject: {fileID: 0}
  m_PrefabInstance: {fileID: 0}
  m_PrefabAsset: {fileID: 0}
  m_GameObject: {fileID: 5758573458447985933}
  m_Enabled: 1
  m_EditorHideFlags: 0
  m_Script: {fileID: 11500000, guid: dc00a2a262d836043932b8fef236886a, type: 3}
  m_Name: 
  m_EditorClassIdentifier: 
  maxPower: 1
